@book{anderson2014computational,
  title={Computational neuroscience and cognitive modelling: a student's introduction to methods and procedures},
  author={Anderson, Britt},
  year={2014},
  publisher={Sage}
}

@article{turpin2019bullshit,
  title={Bullshit Makes the Art Grow Profounder},
  author={Turpin, Martin Harry and Kara-Yakoubian, Mane and Walker, Alexander and Gabert, Nina N and Fugelsang, Jonathan and Stolz, Jennifer A},
  journal={Available at SSRN 3410674},
  year=2019
}

@article{HuttonJohnS2021VoTR,
year = {2021},
author = {Hutton, John S and Dudley, Jonathan and Huang, Guixia and Horowitz-Kraus, Tzipi and DeWitt, Thomas and Ittenbach, Richard F and Holland, Scott K},
address = {United States},
copyright = {Copyright 2021 by the American Academy of Pediatrics.},
issn = {0031-4005},
journal = {Pediatrics (Evanston)},
keywords = {Index Medicus ; Abridged Index Medicus},
language = {eng},
number = {3},
pages = {e20201641-},
title = {Validation of The Reading House and Association With Cortical Thickness},
volume = {147}
}

